@online{baeldungspring3migration,
  title  = {Migrate Application From Spring Boot 2 to Spring Boot 3},
  author = {Baeldung},
  url    = {https://www.baeldung.com/spring-boot-3-migration},
  langid = {english}
}

@online{githubspringmigration,
  title  = {Spring Boot 3.0 Migration Guide},
  author = {Halbritter, Moritz and Webb, Phil and Frederick, Scott and Clozel, Brian and Wilkinson, Andy},
  url    = {https://github.com/spring-projects/spring-boot/wiki/Spring-Boot-3.0-Migration-Guide},
  langid = {english}
}

@online{hibernate6migration,
  title  = {Hibernate ORM 6.0 Migration Guide},
  author = {Hibernate},
  url    = {https://docs.jboss.org/hibernate/orm/6.0/migration-guide/migration-guide.html},
  langid = {english}
}

@online{springsecurity6migration,
  title  = {Update to Spring Security 6.0},
  author = {Spring},
  url    = {https://docs.spring.io/spring-security/reference/migration/index.html},
  langid = {english}
}

@online{githubswaggercodegen,
  title  = {swagger-codegen},
  author = {swagger-api},
  url    = {https://github.com/swagger-api/swagger-codegen},
  langid = {english}
}

@online{gradlelifecycle,
  title  = {Build Lifecycle},
  author = {Gradle},
  url    = {https://docs.gradle.org/current/userguide/build_lifecycle.html},
  langid = {english}
}

@online{gitflow,
  title  = {Gitflow Workflow},
  author = {Atlassian},
  url    = {https://www.atlassian.com/git/tutorials/comparing-workflows/gitflow-workflow},
  langid = {english}
}

@online{springpropertyplaceholder,
  title  = {Property Placeholders},
  author = {Spring},
  url    = {https://docs.spring.io/spring-boot/docs/current/reference/htmlsingle/#features.external-config.files.property-placeholders},
  langid = {english}
}

@online{springexternalizedconfig,
  title  = {Externalized Configuration},
  author = {Spring},
  url    = {https://docs.spring.io/spring-boot/docs/current/reference/html/features.html#features.external-config},
  langid = {english}
}

@online{springbindingenvvariables,
  title  = {Binding From Environment Variables},
  author = {Spring},
  url    = {https://docs.spring.io/spring-boot/docs/current/reference/html/features.html#features.external-config.typesafe-configuration-properties.relaxed-binding.environment-variables},
  langid = {english}
}

@online{archwikienvfiles,
  title  = {Environment variables},
  author = {ArchWiki},
  url    = {https://wiki.archlinux.org/title/environment_variables#Using_shell_initialization_files},
  langid = {english}
}

@online{jenkinsparametrizedbuilds,
  title  = {Jenkins: Parameterized Builds},
  author = {kohsuke and ntulele},
  url    = {https://wiki.jenkins.io/display/JENKINS/Parameterized-Build.html},
  langid = {english}
}

@online{redhatansible,
  title  = {How Ansible works},
  author = {Red Hat},
  url    = {https://www.ansible.com/overview/how-ansible-works},
  langid = {english}
}

@online{cvelog4shell,
  title  = {CVE-2021-44228},
  author = {Apache Software Foundation},
  url    = {https://cve.mitre.org/cgi-bin/cvename.cgi?name=cve-2021-44228},
  langid = {english}
}

@online{springbootgradleminversion,
  title  = {Minimum Gralde version},
  author = {Spring},
  url    = {https://docs.spring.io/spring-boot/docs/current/gradle-plugin/reference/htmlsingle/#introduction},
  langid = {english}
}

@online{mavenmysql,
  title  = {MySQL Connector/J has new Maven coordinates},
  author = {Silva, Filipe},
  url    = {https://blogs.oracle.com/mysql/post/mysql-connectorj-has-new-maven-coordinates},
  langid = {english}
}

@online{kaptjdk17,
  title  = {Kapt is not compatible with JDK 16+},
  author = {Sweers, Zac},
  url    = {https://youtrack.jetbrains.com/issue/KT-45545/Kapt-is-not-compatible-with-JDK-16},
  langid = {english}
}

@online{mapstructksp,
  title  = {Feature request: Support ksp},
  author = {Hrisafov, Filip},
  url    = {https://github.com/mapstruct/mapstruct/issues/2522#issuecomment-1510786245},
  langid = {english}
}

@online{angularupgradeguide,
  title  = {Angular Update Guide},
  author = {Angular},
  url    = {https://update.angular.io/},
  langid = {english}
}

@online{angularschematics,
  title  = {Generating code using schematics},
  author = {Angular},
  url    = {https://angular.io/guide/schematics},
  langid = {english}
}

@online{liquibasesqlformat,
  title  = {SQL Format},
  author = {Liquibase},
  url    = {https://docs.liquibase.com/concepts/changelogs/sql-format.html},
  langid = {english}
}

@online{liquibasechangelog,
  title  = {Changelog},
  author = {Liquibase},
  url    = {https://docs.liquibase.com/concepts/changelogs/home.html},
  langid = {english}
}